@inproceedings{mctest,
  author    = {Matthew Richardson and
               Christopher J. C. Burges and
               Erin Renshaw},
  title     = {MCTest: {A} Challenge Dataset for the Open-Domain Machine Comprehension
               of Text},
  booktitle = {{EMNLP}-SIGDAT},
  pages     = {193--203},
  year      = {2013},
  url       = {http://aclweb.org/anthology/D/D13/D13-1020.pdf},
  timestamp = {Fri, 22 Nov 2013 12:57:23 +0100},
  biburl    = {http://dblp.uni-trier.de/rec/bib/conf/emnlp/RichardsonBR13},
  bibsource = {dblp computer science bibliography, http://dblp.org}
}
@INPROCEEDINGS{deepread,
    author = {Lynette Hirschman and Marc Light and Eric Breck and John D. Burger},
    title = {Deep Read: A reading comprehension system},
    booktitle = {ACL},
    year = {1999},
    pages = {325--332}
}

@article{deep_selection,
  author    = {Lei Yu and
               Karl Moritz Hermann and
               Phil Blunsom and
               Stephen Pulman},
  title     = {Deep Learning for Answer Sentence Selection},
  journal   = {CoRR},
  volume    = {abs/1412.1632},
  year      = {2014},
  url       = {http://arxiv.org/abs/1412.1632},
  timestamp = {Thu, 01 Jan 2015 19:51:08 +0100},
  biburl    = {http://dblp.uni-trier.de/rec/bib/journals/corr/YuHBP14},
  bibsource = {dblp computer science bibliography, http://dblp.org}
}

@article{qa_techniques,
  author    = {Sanda M. Harabagiu and
               Steven J. Maiorano and
               Marius Pasca},
  title     = {Open-domain textual question answering techniques},
  journal   = {Natural Language Engineering},
  volume    = {9},
  number    = {3},
  pages     = {231--267},
  year      = {2003},
  url       = {http://dx.doi.org/10.1017/S1351324903003176},
  doi       = {10.1017/S1351324903003176},
  timestamp = {Mon, 26 Mar 2012 13:32:10 +0200},
  biburl    = {http://dblp.uni-trier.de/rec/bib/journals/nle/HarabagiuMP03},
  bibsource = {dblp computer science bibliography, http://dblp.org}
}


@inproceedings{stanford_parser,
  author    = {Dan Klein and
               Christopher D. Manning},
  title     = {Accurate Unlexicalized Parsing},
  booktitle = {Proceedings of the 41st Annual Meeting of the Association for Computational
               Linguistics, 7-12 July 2003, Sapporo Convention Center, Sapporo, Japan.},
  pages     = {423--430},
  year      = {2003},
  crossref  = {DBLP:conf/acl/2003},
  url       = {http://acl.ldc.upenn.edu/acl2003/main/pdfs/Klein.pdf},
  timestamp = {Fri, 23 Dec 2011 14:54:24 +0100},
  biburl    = {http://dblp.uni-trier.de/rec/bib/conf/acl/KleinM03},
  bibsource = {dblp computer science bibliography, http://dblp.org}
}

@proceedings{DBLP:conf/acl/2003,
  editor    = {Erhard W. Hinrichs and
               Dan Roth},
  title     = {Proceedings of the 41st Annual Meeting of the Association for Computational
               Linguistics, 7-12 July 2003, Sapporo Convention Center, Sapporo, Japan},
  publisher = {{ACL}},
  year      = {2003},
  url       = {http://aclweb.org/anthology-new/P/P03/#1000},
  timestamp = {Fri, 02 Dec 2011 14:17:37 +0100},
  biburl    = {http://dblp.uni-trier.de/rec/bib/conf/acl/2003},
  bibsource = {dblp computer science bibliography, http://dblp.org}
}