@inproceedings{mctest,
  author    = {Matthew Richardson and
               Christopher J. C. Burges and
               Erin Renshaw},
  title     = {MCTest: {A} Challenge Dataset for the Open-Domain Machine Comprehension
               of Text},
  booktitle = {{EMNLP}-SIGDAT},
  pages     = {193--203},
  year      = {2013},
  url       = {http://aclweb.org/anthology/D/D13/D13-1020.pdf},
  timestamp = {Fri, 22 Nov 2013 12:57:23 +0100},
  biburl    = {http://dblp.uni-trier.de/rec/bib/conf/emnlp/RichardsonBR13},
  bibsource = {dblp computer science bibliography, http://dblp.org}
}
@INPROCEEDINGS{deepread,
    author = {Lynette Hirschman and Marc Light and Eric Breck and John D. Burger},
    title = {Deep Read: A reading comprehension system},
    booktitle = {ACL},
    year = {1999},
    pages = {325--332}
}

@article{deep_selection,
  author    = {Lei Yu and
               Karl Moritz Hermann and
               Phil Blunsom and
               Stephen Pulman},
  title     = {Deep Learning for Answer Sentence Selection},
  journal   = {CoRR},
  volume    = {abs/1412.1632},
  year      = {2014},
  url       = {http://arxiv.org/abs/1412.1632},
  timestamp = {Thu, 01 Jan 2015 19:51:08 +0100},
  biburl    = {http://dblp.uni-trier.de/rec/bib/journals/corr/YuHBP14},
  bibsource = {dblp computer science bibliography, http://dblp.org}
}

@article{qa_techniques,
  author    = {Sanda M. Harabagiu and
               Steven J. Maiorano and
               Marius Pasca},
  title     = {Open-domain textual question answering techniques},
  journal   = {Natural Language Engineering},
  volume    = {9},
  number    = {3},
  year      = {2003},
  url       = {http://dx.doi.org/10.1017/S1351324903003176},
  doi       = {10.1017/S1351324903003176},
  timestamp = {Mon, 26 Mar 2012 13:32:10 +0200},
  biburl    = {http://dblp.uni-trier.de/rec/bib/journals/nle/HarabagiuMP03},
  bibsource = {dblp computer science bibliography, http://dblp.org}
}

@article{miller1995wordnet,
  title={WordNet: a lexical database for English},
  author={Miller, George A},
  journal={Communications of the ACM},
  volume={38},
  number={11},
  pages={39--41},
  year={1995},
  publisher={ACM}
}

@inproceedings{councill2010s,
  title={What's great and what's not: learning to classify the scope of negation for improved sentiment analysis},
  author={Councill, Isaac G and McDonald, Ryan and Velikovich, Leonid},
  year={2010},
  booktitle={ACL}
}

@inproceedings{bird2006nltk,
  title={NLTK: the natural language toolkit},
  author={Bird, Steven},
  booktitle={COLING/ACL},
  year={2006},
  organization={ACL}
}

@inproceedings{stanford_parser,
  author    = {Dan Klein and
               Christopher D. Manning},
  title     = {Accurate Unlexicalized Parsing},
  booktitle = {ACL},
  year      = {2003},
  crossref  = {DBLP:conf/acl/2003},
  url       = {http://acl.ldc.upenn.edu/acl2003/main/pdfs/Klein.pdf},
  timestamp = {Fri, 23 Dec 2011 14:54:24 +0100},
  biburl    = {http://dblp.uni-trier.de/rec/bib/conf/acl/KleinM03},
  bibsource = {dblp computer science bibliography, http://dblp.org}
}

@article{de2008stanford,
  title={Stanford typed dependencies manual},
  author={De Marneffe, Marie-Catherine and Manning, Christopher D},
  year={2008}
}

@inproceedings{manning2014stanford,
  title={The Stanford CoreNLP natural language processing toolkit},
  author={Manning, Christopher D and Surdeanu, Mihai and Bauer, John and Finkel, Jenny and Bethard, Steven J and McClosky, David},
  booktitle={ACL},
  year={2014}
}

@article{marcus1993building,
  title={Building a large annotated corpus of English: The Penn Treebank},
  author={Marcus, Mitchell P and Marcinkiewicz, Mary Ann and Santorini, Beatrice},
  journal={Computational linguistics},
  volume={19},
  number={2},
  year={1993},
  publisher={MIT Press}
}

@inproceedings{angeli2014naturalli,
  title={Naturalli: Natural logic inference for common sense reasoning},
  author={Angeli, Gabor and Manning, Christopher D},
  year={2014}
}

@proceedings{DBLP:conf/acl/2003,
  editor    = {Erhard W. Hinrichs and
               Dan Roth},
  title     = {Proceedings of the 41st Annual Meeting of the Association for Computational
               Linguistics, 7-12 July 2003, Sapporo Convention Center, Sapporo, Japan},
  publisher = {{ACL}},
  year      = {2003},
  url       = {http://aclweb.org/anthology-new/P/P03/#1000},
  timestamp = {Fri, 02 Dec 2011 14:17:37 +0100},
  biburl    = {http://dblp.uni-trier.de/rec/bib/conf/acl/2003},
  bibsource = {dblp computer science bibliography, http://dblp.org}
}

@INPROCEEDINGS{plath_scaling,
    author = {John C. Platt},
    title = {Probabilistic Outputs for Support Vector Machines and Comparisons to Regularized Likelihood Methods},
    booktitle = {ADVANCES IN LARGE MARGIN CLASSIFIERS},
    year = {1999},
    pages = {61--74},
    publisher = {MIT Press}
}

@INPROCEEDINGS{Brill02ananalysis,
    author = {Eric Brill and Susan Dumais and Michele Banko},
    title = {An Analysis of the AskMSR Question-Answering System},
    booktitle = {EMNLP},
    year = {2002}
}

@inproceedings{Stolcke2002,
  added-at = {2010-11-08T15:06:07.000+0100},
  author = {Stolcke, Andreas},
  biburl = {http://www.bibsonomy.org/bibtex/2173cfe2d69131dd4cd823e2d87772ca6/yfpeng},
  booktitle = {Proceedings International Conference on Spoken Language Processing},
  file = {:SRILM - an extensible language modeling toolkit.pdf:PDF},
  interhash = {3c28bc012b07b969bbd7df72f7e19762},
  intrahash = {173cfe2d69131dd4cd823e2d87772ca6},
  keywords = {toolkits language_model},
  month = {November},
  owner = {Yifan Peng},
  pages = {257-286},
  timestamp = {2012-07-08T01:07:04.000+0200},
  title = {SRILM - an extensible language modeling toolkit},
  year = 2002
}

@article{memory_networks,
  author    = {Jason Weston and
               Sumit Chopra and
               Antoine Bordes},
  title     = {Memory Networks},
  journal   = {CoRR},
  volume    = {abs/1410.3916},
  year      = {2014},
  url       = {http://arxiv.org/abs/1410.3916},
  timestamp = {Sun, 02 Nov 2014 11:25:59 +0100},
  biburl    = {http://dblp.uni-trier.de/rec/bib/journals/corr/WestonCB14},
  bibsource = {dblp computer science bibliography, http://dblp.org}
}

@inproceedings{learning_entailment,
 author = {MacCartney, Bill and Grenager, Trond and de Marneffe, Marie-Catherine and Cer, Daniel and Manning, Christopher D.},
 title = {Learning to Recognize Features of Valid Textual Entailments},
 booktitle = {HLT-NAACL},
 year = {2006},
 url = {http://dx.doi.org/10.3115/1220835.1220841},
 doi = {10.3115/1220835.1220841},
 acmid = {1220841}
} 

@inproceedings{relation_alignment,
    author = {M. Sammons and V. Vydiswaran and T. Vieira and N. Johri and M. Chang and D. Goldwasser and V. Srikumar and G. Kundu and Y. Tu and K. Small and J. Rule and Q. Do and D. Roth},
    title = {Relation Alignment for Textual Entailment Recognition},
    booktitle = {TAC},
    year = {2009},
    url = "http://cogcomp.cs.illinois.edu/papers/SVVJCGSKTSRDR09(1).pdf",
    funding = {DARPA,Boeing},
    projects = {TE,KRNLP},
    comment = {Recognizing Textual Entailment, textual entailment system, alignment, multi-view representation},
}

@article{behaviour_best,
  author    = {Hector J. Levesque},
  title     = {On our best behaviour},
  journal   = {Artif. Intell.},
  volume    = {212},
  pages     = {27--35},
  year      = {2014},
  url       = {http://dx.doi.org/10.1016/j.artint.2014.03.007},
  doi       = {10.1016/j.artint.2014.03.007},
  timestamp = {Mon, 05 May 2014 13:46:54 +0200},
  biburl    = {http://dblp.uni-trier.de/rec/bib/journals/ai/Levesque14},
  bibsource = {dblp computer science bibliography, http://dblp.org}
}

@inproceedings{mccartney2007manning,
 author = {Chambers, Nathanael and Cer, Daniel and Grenager, Trond and Hall, David and Kiddon, Chloe and MacCartney, Bill and de Marneffe, Marie-Catherine and Ramage, Daniel and Yeh, Eric and Manning, Christopher D.},
 title = {Learning Alignments and Leveraging Natural Logic},
 booktitle = {ACL-PASCAL/RTE},
 year = {2007},
 url = {http://dl.acm.org/citation.cfm?id=1654536.1654570},
 acmid = {1654570}
} 

@inproceedings{biutee,
  author    = {Asher Stern and
               Ido Dagan},
  title     = {A Confidence Model for Syntactically-Motivated Entailment Proofs},
  booktitle = {RANLP},
  year      = {2011},
  crossref  = {DBLP:conf/ranlp/2011},
  url       = {http://www.aclweb.org/anthology/R11-1063},
  timestamp = {Tue, 06 May 2014 20:07:20 +0200},
  biburl    = {http://dblp.uni-trier.de/rec/bib/conf/ranlp/SternD11},
  bibsource = {dblp computer science bibliography, http://dblp.org}
}

@proceedings{DBLP:conf/ranlp/2011,
  editor    = {Galia Angelova and
               Kalina Bontcheva and
               Ruslan Mitkov and
               Nicolas Nicolov},
  title     = {Recent Advances in Natural Language Processing},
  publisher = {RANLP},
  year      = {2011},
  timestamp = {Mon, 21 Nov 2011 13:53:12 +0100},
  biburl    = {http://dblp.uni-trier.de/rec/bib/conf/ranlp/2011},
  bibsource = {dblp computer science bibliography, http://dblp.org}
}